<?xml version="1.0" encoding="UTF-8"?><record xmlns="http://www.loc.gov/MARC21/slim" xmlns:cinclude="http://apache.org/cocoon/include/1.0" xmlns:zs="http://www.loc.gov/zing/srw/">
  <leader>00383cz  a2200133n  4500</leader>
  <controlfield tag="001">n  80057561 </controlfield>
  <controlfield tag="003">DLC</controlfield>
  <controlfield tag="005">20090215080550.0</controlfield>
  <controlfield tag="008">800626n| acannaabn          |n aaa      </controlfield>
  <datafield tag="010" ind1=" " ind2=" ">
    <subfield code="a">n  80057561 </subfield>
  </datafield>
  <datafield tag="035" ind1=" " ind2=" ">
    <subfield code="a">(OCoLC)oca00439291</subfield>
  </datafield>
  <datafield tag="040" ind1=" " ind2=" ">
    <subfield code="a">DLC</subfield>
    <subfield code="b">eng</subfield>
    <subfield code="c">DLC</subfield>
    <subfield code="d">OCoLC</subfield>
  </datafield>
  <datafield tag="100" ind1="1" ind2=" ">
    <subfield code="a">Massaro, Giovanni</subfield>
  </datafield>
  <datafield tag="670" ind1=" " ind2=" ">
    <subfield code="a">Per un impegno di animazione socio-culturale, 1978 (a.e.)</subfield>
    <subfield code="b">t.p. (Giovanni Massaro)</subfield>
  </datafield>
</record>